@inproceedings{sculley2015,
  author    = {D. Sculley and Gary Holt and Daniel Golovin and Eugene Davydov and Todd Phillips and Dietmar Ebner and Vinay Chaudhary and Michael Young and Jean-Francois Crespo and Dan Dennison},
  title     = {Hidden Technical Debt in Machine Learning Systems},
  booktitle = {Advances in Neural Information Processing Systems (NeurIPS)},
  year      = {2015}
}


