@book{Grinberg2018Flask,
  title={Flask Web Development: Developing Web Applications with Python},
  author={Grinberg, Miguel},
  year={2018},
  publisher={O'Reilly Media}
}

@misc{FastAPI2023,
  title = {FastAPI Documentation},
  author = {Ramirez, Sebastián},
  year = {2023},
  howpublished = {\url{https://fastapi.tiangolo.com/}}
}

@misc{Streamlit2022,
  title = {Streamlit Documentation},
  author = {Streamlit Inc.},
  year = {2022},
  howpublished = {\url{https://docs.streamlit.io/}}
}

@article{Sculley2015Hidden,
  title={Hidden Technical Debt in Machine Learning Systems},
  author={Sculley, David and Holt, Gary and Golovin, Daniel and Davydov, Eugene and Phillips, Todd and Ebner, Dietmar and Chaudhary, Vinay and Young, Michael and Crespo, Jean-Francois and Dennison, Dan},
  journal={Advances in Neural Information Processing Systems (NeurIPS)},
  year={2015}
}

@article{Kreuzberger2023MLOps,
  title={Machine Learning Operations (MLOps): Overview, Definition, and Architecture},
  author={Kreuzberger, Dominik and Kühl, Niklas and Hirschl, Sven},
  journal={ACM Computing Surveys},
  year={2023},
  publisher={ACM}
}
